<?xml version="1.0" encoding="UTF-8"?><collection xmlns="http://www.loc.gov/MARC21/slim"><record><leader>00516nam--2200181-i-4500</leader><controlfield tag="001">000011484</controlfield><controlfield tag="002">20161230</controlfield><controlfield tag="005">20161230201029</controlfield><controlfield tag="008">060222s1000------------r-----000-0-eng-d</controlfield><datafield ind1=" " ind2=" " tag="020"><subfield code="a">067714640X</subfield></datafield><datafield ind1=" " ind2=" " tag="040"><subfield code="a">IFIN-HH</subfield></datafield><datafield ind1=" " ind2=" " tag="080"><subfield code="a">620.179.15</subfield></datafield><datafield ind1="1" ind2=" " tag="100"><subfield code="a">Ziegler, Charles A</subfield></datafield><datafield ind1="1" ind2="0" tag="245"><subfield code="a">Applications of low energy x-and gamma rays</subfield><subfield code="c">Charles a. ziegler (ed.)</subfield></datafield><datafield ind1=" " ind2=" " tag="260"><subfield code="a">New York</subfield><subfield code="b">Gordon And Breach Science Publishers</subfield><subfield code="c">1971</subfield></datafield><datafield ind1=" " ind2=" " tag="300"><subfield code="a">IX + 466 P</subfield></datafield><datafield ind1=" " ind2=" " tag="852"><subfield code="a">42447</subfield><subfield code="c">620:620.19</subfield></datafield><datafield ind1=" " ind2=" " tag="CAT"><subfield code="a">Sys</subfield><subfield code="c">20121206</subfield><subfield code="h">103908</subfield></datafield></record></collection>